@article{bjornstadfalck2001,
  title={Nonparametric spatial covariance functions: Estimation and testing},
  author={Bj{\o}rnstad, ON and Falck, W},
  journal={Environmental and Ecological Statistics},
  year={2001},
  volume={8},
  pages={53-70}
}

@book{burnham2003_modelselection,
  title={Model selection and multimodel inference: a practical information-theoretic approach},
  author={Burnham, Kenneth P and Anderson, David R},
  year={2003},
  publisher={Springer Science \& Business Media}
}

@book{joe2014_dependence,
  title={Dependence Modeling with Copulas},
  author={Joe, H.},
  series={Chapman \& Hall/CRC Monographs on Statistics \& Applied Probability},
  year={2014},
  publisher={Taylor \& Francis}
}

@book{nelsen2007_copula,
  title={An introduction to copulas},
  author={Nelsen, Roger B},
  year={2007},
  publisher={Springer Science \& Business Media}
}

@article{walteretal2017,
  title={The geography of spatial synchrony},
  author={Walter, J.A. and Sheppard, L.W. and Anderson, T.L. and Kastens, J.H. and Bj{\o}rnstad, O.N. and Liebhold, A.M. and Reuman, D.C.},
  journal={Ecology Letters},
  year={2017},
  volume={20},
  pages={801-814}
}


@article{GenoudIM2017,
author = {Michel Genoud  and Karin Isler and Robert D. Martin},
title = {Comparative analyses of basal rate of metabolism in mammals: data selection does matter},
journal = {Biological Reviews},
volume = {93},
number = {1},
pages = {404-438},
doi = {10.1111/brv.12350},
year = {2017},
url = {https://onlinelibrary.wiley.com/doi/abs/10.1111/brv.12350}
}




@Article{NEXUS,
  Title                    = {{NEXUS}: An extensible file format for systematic information},
  Author                   = {David R. Maddison and David L. Swofford and Wayne P. Maddison},
  Journal                  = {Systematic Biology},
  Year                     = {1997},
  Pages                    = {590-621},
  Volume                   = {46}
}



@Article{Felsenstein1985Comp,
  Title                    = {Phylogenies and the comparative method},
  Author                   = {Joseph Felsenstein},
  Journal                  = {American Naturalist},
  Year                     = {1985},
  Pages                    = {1--15},
  Volume                   = {125}
}



@Article{SukumaranH2010,
  Title                    = {{DendroPy}: A Python library for phylogenetic computing},
  Author                   = {Jeet Sukumaran and Mark T. Holder},
  Journal                  = {Bioinformatics},
  Year                     = {2010},
  Number                   = {12},
  Pages                    = {1569-1571},
  Volume                   = {26},

  Date-added               = {2010-07-12 09:57:22 -0500},
  Date-modified            = {2010-07-12 10:38:20 -0500}
}
