@book{nelsen2007_copula,
  title={An introduction to copulas},
  author={Nelsen, Roger B},
  year={2007},
  publisher={Springer Science \& Business Media}
}

@book{burnham2003_modelselection,
  title={Model selection and multimodel inference: a practical information-theoretic approach},
  author={Burnham, Kenneth P and Anderson, David R},
  year={2003},
  publisher={Springer Science \& Business Media}
}






